<record><leader>00000cas a22000007a 4500</leader><controlfield tag="001">19928275</controlfield><controlfield tag="008">890626d19131915nduwr ne      0    0eng d</controlfield><datafield ind1=" " ind2=" " tag="010"><subfield code="a">sn 88076313 </subfield></datafield><datafield ind1=" " ind2=" " tag="040"><subfield code="a">NOP</subfield><subfield code="b">eng</subfield><subfield code="c">NOP</subfield><subfield code="d">OCLCQ</subfield></datafield><datafield ind1=" " ind2=" " tag="042"><subfield code="a">msc</subfield></datafield><datafield ind1="0" ind2="4" tag="245"><subfield code="a">The Tuttle reporter.</subfield></datafield><datafield ind1=" " ind2=" " tag="260"><subfield code="a">Tuttle, Kidder County, N.D. :</subfield><subfield code="b">L.A. Warner</subfield></datafield><datafield ind1=" " ind2=" " tag="300"><subfield code="a">3 v. :</subfield><subfield code="b">ill.</subfield></datafield><datafield ind1=" " ind2=" " tag="310"><subfield code="a">Weekly</subfield></datafield><datafield ind1="0" ind2=" " tag="362"><subfield code="a">Vol. 1, no. 1 (Apr. 25, 1913)-v. 3, no. 1 (Apr. 23, 1915).</subfield></datafield><datafield ind1=" " ind2=" " tag="500"><subfield code="a">"Official paper of Kidder County," 1914.</subfield></datafield><datafield ind1=" " ind2=" " tag="530"><subfield code="a">Available on microfilm from the State Historical Society of North Dakota.</subfield></datafield><datafield ind1=" " ind2=" " tag="752"><subfield code="a">United States</subfield><subfield code="b">North Dakota</subfield><subfield code="c">Kidder</subfield><subfield code="d">Tuttle.</subfield></datafield></record>